%YAML 1.1
%TAG !u! tag:unity3d.com,2011:
--- !u!1 &100000
GameObject:
  m_ObjectHideFlags: 0
  m_PrefabParentObject: {fileID: 0}
  m_PrefabInternal: {fileID: 100100000}
  serializedVersion: 4
  m_Component:
  - 4: {fileID: 400000}
  - 33: {fileID: 3300000}
  - 23: {fileID: 2300000}
  - 114: {fileID: 11400000}
  - 114: {fileID: 11400002}
  - 114: {fileID: 11400004}
  - 64: {fileID: 6400000}
  m_Layer: 9
  m_Name: seekingBulletUpgraded
  m_TagString: Untagged
  m_Icon: {fileID: 0}
  m_NavMeshLayer: 0
  m_StaticEditorFlags: 0
  m_IsActive: 1
--- !u!1 &100002
GameObject:
  m_ObjectHideFlags: 0
  m_PrefabParentObject: {fileID: 0}
  m_PrefabInternal: {fileID: 100100000}
  serializedVersion: 4
  m_Component:
  - 4: {fileID: 400002}
  - 15: {fileID: 1500000}
  - 12: {fileID: 1200000}
  - 26: {fileID: 2600000}
  m_Layer: 9
  m_Name: Soap Bubbles
  m_TagString: Untagged
  m_Icon: {fileID: 0}
  m_NavMeshLayer: 0
  m_StaticEditorFlags: 0
  m_IsActive: 1
--- !u!4 &400000
Transform:
  m_ObjectHideFlags: 1
  m_PrefabParentObject: {fileID: 0}
  m_PrefabInternal: {fileID: 100100000}
  m_GameObject: {fileID: 100000}
  m_LocalRotation: {x: 1.19900152e-08, y: .707106829, z: -1.19900152e-08, w: .707106829}
  m_LocalPosition: {x: 93.0047226, y: 247.183578, z: 172.646622}
  m_LocalScale: {x: .436524361, y: .436524361, z: .562650383}
  m_Children:
  - {fileID: 400002}
  m_Father: {fileID: 0}
  m_RootOrder: 0
--- !u!4 &400002
Transform:
  m_ObjectHideFlags: 1
  m_PrefabParentObject: {fileID: 0}
  m_PrefabInternal: {fileID: 100100000}
  m_GameObject: {fileID: 100002}
  m_LocalRotation: {x: -.50000006, y: -.49999997, z: .50000006, w: .49999997}
  m_LocalPosition: {x: .129299268, y: .148524582, z: -.102213345}
  m_LocalScale: {x: 2.29082274, y: 1.77730227, z: 2.29082251}
  m_Children: []
  m_Father: {fileID: 400000}
  m_RootOrder: 0
--- !u!12 &1200000
ParticleAnimator:
  m_ObjectHideFlags: 1
  m_PrefabParentObject: {fileID: 0}
  m_PrefabInternal: {fileID: 100100000}
  m_GameObject: {fileID: 100002}
  Does Animate Color?: 0
  colorAnimation[0]:
    serializedVersion: 2
    rgba: 4294967295
  colorAnimation[1]:
    serializedVersion: 2
    rgba: 4294967295
  colorAnimation[2]:
    serializedVersion: 2
    rgba: 4294967295
  colorAnimation[3]:
    serializedVersion: 2
    rgba: 4294967295
  colorAnimation[4]:
    serializedVersion: 2
    rgba: 3875536895
  worldRotationAxis: {x: 0, y: 0, z: 0}
  localRotationAxis: {x: 0, y: 0, z: 0}
  sizeGrow: 0
  rndForce: {x: 1, y: 1, z: 1}
  force: {x: 0, y: 0, z: 0}
  damping: 1
  stopSimulation: 0
  autodestruct: 0
--- !u!15 &1500000
EllipsoidParticleEmitter:
  m_ObjectHideFlags: 1
  m_PrefabParentObject: {fileID: 0}
  m_PrefabInternal: {fileID: 100100000}
  m_GameObject: {fileID: 100002}
  serializedVersion: 2
  m_Enabled: 1
  m_Emit: 1
  minSize: .0500000007
  maxSize: .400000006
  minEnergy: 1
  maxEnergy: 1
  minEmission: 40
  maxEmission: 40
  worldVelocity: {x: 0, y: 0, z: 0}
  localVelocity: {x: 0, y: 1, z: 0}
  rndVelocity: {x: 1, y: 1, z: 1}
  emitterVelocityScale: .280000001
  tangentVelocity: {x: 0, y: 0, z: 0}
  angularVelocity: 0
  rndAngularVelocity: 0
  rndRotation: 0
  Simulate in Worldspace?: 1
  m_OneShot: 0
  m_Ellipsoid: {x: .200000003, y: .200000003, z: .200000003}
  m_MinEmitterRange: 0
--- !u!23 &2300000
Renderer:
  m_ObjectHideFlags: 1
  m_PrefabParentObject: {fileID: 0}
  m_PrefabInternal: {fileID: 100100000}
  m_GameObject: {fileID: 100000}
  m_Enabled: 1
  m_CastShadows: 1
  m_ReceiveShadows: 1
  m_LightmapIndex: 255
  m_LightmapTilingOffset: {x: 1, y: 1, z: 0, w: 0}
  m_Materials:
  - {fileID: 2100000, guid: 602495558feeb47cba3f96132e7d3f6d, type: 2}
  m_SubsetIndices: 
  m_StaticBatchRoot: {fileID: 0}
  m_UseLightProbes: 0
  m_LightProbeAnchor: {fileID: 0}
  m_ScaleInLightmap: 1
  m_SortingLayerID: 0
  m_SortingOrder: 0
--- !u!26 &2600000
ParticleRenderer:
  m_ObjectHideFlags: 1
  m_PrefabParentObject: {fileID: 0}
  m_PrefabInternal: {fileID: 100100000}
  m_GameObject: {fileID: 100002}
  m_Enabled: 1
  m_CastShadows: 1
  m_ReceiveShadows: 1
  m_LightmapIndex: 255
  m_LightmapTilingOffset: {x: 1, y: 1, z: 0, w: 0}
  m_Materials:
  - {fileID: 2100000, guid: 7e3669cf306c78f48a1f9affe08eb0f9, type: 2}
  m_SubsetIndices: 
  m_StaticBatchRoot: {fileID: 0}
  m_UseLightProbes: 0
  m_LightProbeAnchor: {fileID: 0}
  m_ScaleInLightmap: 1
  m_SortingLayerID: 0
  m_SortingOrder: 0
  serializedVersion: 2
  m_CameraVelocityScale: 0
  m_StretchParticles: 0
  m_LengthScale: 0
  m_VelocityScale: 0
  m_MaxParticleSize: .25
  UV Animation:
    x Tile: 1
    y Tile: 1
    cycles: 1
--- !u!33 &3300000
MeshFilter:
  m_ObjectHideFlags: 1
  m_PrefabParentObject: {fileID: 0}
  m_PrefabInternal: {fileID: 100100000}
  m_GameObject: {fileID: 100000}
  m_Mesh: {fileID: 4300000, guid: 7aaf04646059b4b658fdb3b7a2fc87cf, type: 3}
--- !u!64 &6400000
MeshCollider:
  m_ObjectHideFlags: 1
  m_PrefabParentObject: {fileID: 0}
  m_PrefabInternal: {fileID: 100100000}
  m_GameObject: {fileID: 100000}
  m_Material: {fileID: 0}
  m_IsTrigger: 0
  m_Enabled: 1
  serializedVersion: 2
  m_SmoothSphereCollisions: 0
  m_Convex: 0
  m_Mesh: {fileID: 4300000, guid: 7aaf04646059b4b658fdb3b7a2fc87cf, type: 3}
--- !u!114 &11400000
MonoBehaviour:
  m_ObjectHideFlags: 1
  m_PrefabParentObject: {fileID: 0}
  m_PrefabInternal: {fileID: 100100000}
  m_GameObject: {fileID: 100000}
  m_Enabled: 1
  m_EditorHideFlags: 0
  m_Script: {fileID: 11500000, guid: aa584fbee541324448dd18d8409c7a41, type: 3}
  m_Name: 
  m_EditorClassIdentifier: 
  subId: 0
  ownerId: 0
  group: 0
  prefixBackup: -1
  observed: {fileID: 400000}
  synchronization: 3
  onSerializeTransformOption: 4
  onSerializeRigidBodyOption: 2
  instantiationId: -1
--- !u!114 &11400002
MonoBehaviour:
  m_ObjectHideFlags: 1
  m_PrefabParentObject: {fileID: 0}
  m_PrefabInternal: {fileID: 100100000}
  m_GameObject: {fileID: 100000}
  m_Enabled: 1
  m_EditorHideFlags: 0
  m_Script: {fileID: 11500000, guid: 32ab4e760e85cbb41af7e642676c634b, type: 3}
  m_Name: 
  m_EditorClassIdentifier: 
--- !u!114 &11400004
MonoBehaviour:
  m_ObjectHideFlags: 1
  m_PrefabParentObject: {fileID: 0}
  m_PrefabInternal: {fileID: 100100000}
  m_GameObject: {fileID: 100000}
  m_Enabled: 1
  m_EditorHideFlags: 0
  m_Script: {fileID: 11500000, guid: 5669bf44249deea4db02af7cf277cdfc, type: 3}
  m_Name: 
  m_EditorClassIdentifier: 
  impactSound: {fileID: 0}
--- !u!1001 &100100000
Prefab:
  m_ObjectHideFlags: 1
  serializedVersion: 2
  m_Modification:
    m_TransformParent: {fileID: 0}
    m_Modifications: []
    m_RemovedComponents: []
  m_ParentPrefab: {fileID: 0}
  m_RootGameObject: {fileID: 100000}
  m_IsPrefabParent: 1
  m_IsExploded: 1
